%BAtteries - introduction
@online{batthist,
   month = {04},
   day = {30},
   author = {Jose Alarco and Peter Talbot},
   title = {The history and development of batteries},
   url = {https://phys.org/news/2015-04-history-batteries.html},
   year = {2015},
   addendum = {[Accessed on 3 April 2018]}
}

@online{battevo,
   url = {http://www.visualcapitalist.com/evolution-of-battery-technology/},
   author = {Jeff Desjardins},
   title = {The Evolution of Battery Technology},
   year = {2016},
   month = {06},
   addendum = {[Accessed on 3 April 208]}
}


@book{1_volta,
	address = {New York},
	series = {Immortals of science},
	title = {Alessandro {Volta} and the electric battery},
	language = {eng},
	publisher = {Franklin Watts},
	author = {Dibner, Bern},
	year = {1964},
	keywords = {Alessandro, batterier, Batterier, elektrisitet, Elektrisitet, historie, Historie, Volta}
}

@book{1_handbook,
	address = {Weinheim},
	edition = {2nd, completely rev. and enlarged ed.},
	title = {Handbook of battery materials},
	language = {eng},
	publisher = {Wiley-VCH Verlag},
	author = {Daniel, Claus},
	year = {2011},
	keywords = {Electric batteries, Electric batteries – Materials, Electronic books, Storage batteries, Storage batteries – Materials}
}

@article{1_additive,
title = "Effect of carbon additive on electrochemical performance of \ce{LiCoO2} composite cathodes",
journal = "Journal of Power Sources",
volume = "111",
number = "1",
pages = "90 - 96",
year = "2002",
author = "Jin K Hong and Jong H Lee and Seung M Oh",
}


@article{adhesion,
	title = {Thin Film Deposition Using Spray Pyrolysis},
	volume = {14},
	pages = {103--111},
	number = {2},
	journaltitle = {Journal of Electroceramics},
	author = {Perednis, Dainius and Gauckler, Ludwig J.},
	date = {2005-03},
	langid = {english}
}


@book{2_XRD,
publisher = "John Wiley",
year = "2011",
title = "Elements of modern X-ray physics",
edition = "2nd ed.",
language = "eng",
address = "Chichester, West Sussex",
author = "Als-Nielsen, J. and McMorrow, D",
keywords = "X-rays; Electromagnetic waves; Electronic books",
}

@article{2_CV,
journal = "Journal of Chemical Education",
pages = "194--206",
volume = "95",
publisher = "Division of Chemical Education, Inc and ACS Publications Division of the American Chemical Society.",
number = "2",
year = "2018",
title = "A Practical Beginner's Guide to Cyclic Voltammetry",
language = "eng",
author = "Elgrishi, Noémie and Rountree, Kelley J. and McCarthy, Brian D. and Rountree, Eric S. and Eisenhart, Thomas T. and Dempsey, Jillian L.",
keywords = "Chemistry; Measurement; Data Collection; Data Interpretation; Inorganic Chemistry; Equations (Mathematics)",
month = "02",
}


%Avhandlinger
@phdthesis{Scotman,	
author = "Jonas Scotman",
school = "UiO",
title = {Synchrotron Based Operando Methods for Characterization of Non-Aqueous Rechargeable Battery Electrode Materials},
year = "2017",
}

@phdthesis{gandrud,
	title = {Thin film materials for Li-ion batteries made by atomic layer deposition},
	pages = {3-10, 37-44},
	author = {Gandrud, Knut Bjarne},
	year = {2014},
	school = {UiO}
}

@thesis{kvamme,
	title = {Phosphites in Atomic Layer Deposition: Synthesis and Characterisation Using Unconventional Phosphorous Precursors},
	author = {Kvamme, Kristian Breivik},
	year = {2016},
	school = {UiO},
	pages = {2-28}
}


%Articles

@Inbook{1_Pyrolysis_book,
	author="Kopp Alves, Annelise
	and Bergmann, Carlos P.
	and Berutti, Felipe Amorim",
	title="Spray Pyrolysis",
	bookTitle="Novel Synthesis and Characterization of Nanostructured Materials",
	year="2013",
	publisher="Springer Berlin Heidelberg",
	address="Berlin, Heidelberg",
	pages="23--30"
}

@article{elmat_sprayp,
	title = "Recent progress in electrode materials produced by spray pyrolysis for next-generation lithium ion batteries",
	journal = "Advanced Powder Technology",
    author = "Dae Soo Jung and You Na Ko and Yun Chan Kang and Seung Bin Park",
	volume = "25",
	number = "1",
	pages = "18 - 31",
	year = "2014"
}


@article{Spray_pyro,
	author = {Jung, Dae Soo and Park, Seung Bin and Kang, Yun Chan},
	title = {Design of particles by spray pyrolysis and recent progress in its application},
	journal = {Korean Journal of Chemical Engineering},
	volume = {27},
	number = {6},
	pages = {1621-1645},
	year = {2010},
	type = {Journal Article}
}

@article{1_rev_liion,
	title = {Li-ion battery materials: present and future},
	volume = {18},
	pages = {252 -- 264},
	number = {5},
	journaltitle = {Materials Today},
	author = {Nitta, Naoki and Wu, Feixiang and Lee, Jung Tae and Yushin, Gleb},
	date = {2015}
}

@article{1_hist,
	title = "State of the art of commercial Li ion batteries",
	journal = "Journal of Power Sources",
	volume = "91",
	number = "2",
	pages = "86 - 91",
	year = "2000",
	author = "R Moshtev and B Johnson",
	keywords = "Commercial Li ion batteries, LiCoO cathode, Accumulated capacity, Ragone plots, Polarization resistance"
}

@article{1_Lion_basics,
	author = {Deng Da},
	title = {Li‐ion batteries: basics, progress, and challenges},
	journal = {Energy Science \& Engineering},
	volume = {3},
	number = {5},
	pages = {385-418},
	keywords = {Anode, cathode, electrolyte, Li‐ion batteries, rechargeable, separator},
}


@article{Goodenough2013,
journal = "Journal of the American Chemical Society.",
pages = "1167--1176",
volume = "135",
publisher = "American Chemical Society",
number = "4",
year = "2013",
title = "The Li-Ion Rechargeable Battery: A Perspective",
address = "Washington, DC :",
author = "Goodenough, John B and Park, Kyu-Sung",
}


@article{1_yazami,
	title = "A reversible graphite-lithium negative electrode for electrochemical generators",
	journal = "Journal of Power Sources",
	volume = "9",
	number = "3",
	pages = "365 - 371",
	year = "1983",
	author = "R. Yazami and Ph. Touzain",
}

@article{1_free_MnO2,
	pages = "1932--1938",
	volume = "8",
	publisher = "Beilstein-Institut",
	number = "1",
	year = "2017",
	title = "Freestanding graphene/\ce{MnO2} cathodes for Li-ion batteries",
	language = "eng",
	author = "Şeyma Özcan and Aslıhan Güler and Tugrul Cetinkaya and Mehmet O. Guler and Hatem Akbulut",
}


@article{1_amorph_MnO2,
	pages = "1294--1298",
	volume = "35",
	number = "08",
	year = "2017",
	title = "Amorphous \ce{MnO2} as Cathode Material for Sodium-ion Batteries",
	author = "Yirong and Zhou and Tong and Chen and Junxi and Zhang and Yao and Liu and Ping and Ren",
}


@article{1_Mnox_study,
	journal = "Beilstein Journal Of Nanotechnology",
	pages = "47--59",
	volume = "6",
	publisher = "BEILSTEIN-INSTITUT",
	number = "1",
	year = "2015",
	title = "Manganese oxide phases and morphologies: A study on calcination temperature and atmospheric dependence",
	language = "English",
	author = "Augustin, M and Fenske, D and Bardenhagen, I and Westphal, A and Knipper, M and Plaggenborg, T and Kolny-Olesiak, J and Parisi, J",
}

@article{1_LIB_birth,
	journal = "Angewandte Chemie International Edition",
	pages = "5798--5800",
	volume = "51",
	publisher = "WILEY‐VCH Verlag",
	number = "24",
	year = "2012",
	title = "The Birth of the Lithium‐Ion Battery",
	language = "eng",
	address = "Weinheim",
	author = "Yoshino, Akira",
}

@article{1_amnesty, 
    title={Amnesty warns on use of child labour in cobalt mining},
    url={https://www.ft.com/content/bec64762-c923-11e7-ab18-7a9fb7d6163e}, 
    journal={Financial Times}, 
    author={Sanderson, Henry and Cornish, Chloe},
    year={2017}, 
    month={11},
    addendum = {[Accessed on 1 June 2018]}
}

@article{GC,
    title = "Study on dynamics of structural transformation during charge/discharge of LiFePO4 cathode",
    journal = "Electrochemistry Communications",
    volume = "10",
    number = "2",
    pages = "335 - 339",
    year = "2008",
    author = "Hao-Hsun Chang and Chun-Chih Chang and Hung-Chun Wu and Mo-Hua Yang and Hwo-Shuenn Sheu and Nae-Lih Wu",
}

@incollection{CV_im,
	location = {Cambridge},
	title = {Voltammetric techniques},
	isbn = {978-0-85404-661-4},
	pages = {49--136},
	booktitle = {Inorganic Electrochemistry},
	publisher = {Royal Society of Chemistry},
	year = {2003},
}

@article{nano_LMO,
author = {Wang, Yuhang and Wang, Yehua and Jia, Dingsi and Peng, Zheng and Xia, Yongyao and Zheng, Gengfeng},
title = {All-Nanowire Based Li-Ion Full Cells Using Homologous \ce{Mn2O3} and \ce{LiMn2O4}},
journal = {Nano Letters},
volume = {14},
number = {2},
pages = {1080-1084},
year = {2014},
}

@article{thermal_li,
title = "Thermal decomposition of supported lithium nitrate catalysts",
journal = "Thermochimica Acta",
volume = "499",
number = "1",
pages = "21 - 26",
year = "2010",
author = "Maria Lucia Ruiz and Ileana Daniela Lick and Marta Isabel Ponzi and Enrique Rodríguez Castellón and Antonio Jiménez-López and Esther Natalia Ponzi",
}

@article{costcath,
	title = {Overview of olivines in lithium batteries for green transportation and energy storage},
	volume = {16},
	pages = {835--845},
	number = {3},
	journaltitle = {Journal of Solid State Electrochemistry},
	author = {Zaghib, K. and Mauger, A. and Julien, C.},
	date = {2012},
	keywords = {{HEV}, {PEV}, {EV}, energy storage, Li-ion batteries, Olivine}
}

@article{2_Goodenough_perspective,
	journal = "Journal of the American Chemical Society",
	volume = "135",
	number = "4",
	year = "2013",
	title = "The Li-ion rechargeable battery: a perspective",
	language = "eng",
	author = "Goodenough, John B and Park, Kyu-Sung",
	keywords = "Heat Transfer -- Methods ; Lithium Batteries -- Research ; Oxidation-reduction Reactions -- Analysis ; Surface Energy -- Measurement;",
	month = "01",
}

@incollection{SEM_droplet,
pages = "127--161",
publisher = "Wiley‐VCH Verlag GmbH \& Co. KGaA",
booktitle = "Materials Characterization",
isbn = "9783527334636",
year = "2013",
title = "Scanning Electron Microscopy",
language = "eng",
author = "Leng, Yang",
}

@book{SEM_structure,
isbn = "1-4939-6676-6",
year = "2018",
title = "Scanning Electron Microscopy and X-Ray Microanalysis",
edition = "2nd ed. 1992.",
language = "eng",
author = "Goldstein, Joseph I",
}

@article{2_SEI,
journal = "Journal Of The Electrochemical Society",
pages = "A243--A250",
volume = "160",
publisher = "ELECTROCHEMICAL SOC INC",
number = "2",
year = "2013",
title = "Theory of SEI Formation in Rechargeable Batteries: Capacity Fade, Accelerated Aging and Lifetime Prediction",
language = "English",
author = "Pinson, MB and Bazant, Mz",
}


@article{VIKSTROM,
	title = "Lithium availability and future production outlooks",
	author = "Hanna Vikström and Simon Davidsson and Mikael Höök",
	journal = "Applied Energy",
	volume = "110",
	pages = "252 - 266",
	year = "2013",
}

@article{Gruber,
	journal = "Journal Of Industrial Ecology",
	pages = "760--775",
	volume = "15",
	publisher = "WILEY-BLACKWELL",
	number = "5",
	year = "2011",
	title = "Global Lithium Availability A Constraint for Electric Vehicles?",
	language = "English",
	author = "Gruber, Pw and Medina, PA and Keoleian, Ga and Kesler, Se and Everson, MP and Wallington, Tj"
}



@article{Speirs,
	journal = "Renewable \& Sustainable Energy Reviews",
	pages = "183--193",
	volume = "35",
	publisher = "PERGAMON-ELSEVIER SCIENCE LTD",
	number = "C",
	year = "2014",
	title = "The future of lithium availability for electric vehicle batteries",
	language = "English",
	author = "Speirs, J and Contestabile, M and Houari, Y and Gross, R"
}



@article{DecompNi,
   author = {Brockner, Wolfgang and Ehrhardt, Claus and Gjikaj, Mimoza},
   title = {Thermal decomposition of nickel nitrate hexahydrate, \ce{Ni(NO3)2.6H2O}, in comparison to \ce{Co(NO3)2.6H2O} and \ce{Ca(NO3)2.4H2O}},
   journal = {Thermochimica Acta},
   volume = {456},
   number = {1},
   pages = {64-68},
   year = {2007},
   type = {Journal Article}
}


@article{DecompMn,
   author = {Gallagher, P. K. and Schrey, F. and Prescott, B.},
   title = {The thermal decomposition of aqueous manganese (II) nitrate solution},
   journal = {Thermochimica Acta},
   volume = {2},
   number = {5},
   pages = {405-412},
   year = {1971},
   type = {Journal Article}
}



@article{RN6,
   author = {Myojin, Kenichi and Ogihara, Takashi and Ogata, Nobuo and Aoyagi, Nobuyoshi and Aikiyo, Hitoshi and Ookawa, Takashi and Omura, Suetake and Yanagimoto, Motoyuki and Uede, Masao and Oohara, Takashi},
   title = {Synthesis of non-stoichiometric lithium manganate fine powders by internal combustion-type spray pyrolysis using gas burner},
   journal = {Advanced Powder Technology},
   volume = {15},
   number = {4},
   pages = {397-403},
   year = {2004},
   type = {Journal Article}
}

@article{Conduction_liion,
   author = {Park, Myounggu and Zhang, Xiangchun and Chung, Myoungdo and Less, Gregory B. and Sastry, Ann Marie},
   title = {A review of conduction phenomena in Li-ion batteries},
   journal = {Journal of Power Sources},
   volume = {195},
   number = {24},
   pages = {7904-7929},
   year = {2010},
   type = {Journal Article}
}


@article{LNMO,
   author = {Wang, Jing and Lin, Weiqing and Wu, Bihe and Zhao, Jinbao},
   title = {Porous \ce{LiNi_{0.5}Mn_{1.5}O4} sphere as 5 V cathode material for lithium ion batteries},
   journal = {Journal of Materials Chemistry A},
   volume = {2},
   number = {39},
   pages = {16434-16442},
   year = {2014},
   type = {Journal Article}
}


